
@article{boerner_initial_2012,
  title = {Initial {{Calibration}} of the {{Atmospheric Imaging Assembly}} ({{AIA}}) on the {{Solar Dynamics Observatory}} ({{SDO}})},
  volume = {275},
  issn = {0038-0938, 1573-093X},
  language = {en},
  number = {1-2},
  journal = {SoPh},
  doi = {10.1007/s11207-011-9804-8},
  author = {Boerner, Paul and Edwards, Christopher and Lemen, James and Rausch, Adam and Schrijver, Carolus and Shine, Richard and Shing, Lawrence and Stern, Robert and Tarbell, Theodore and Title, Alan and Wolfson, C. Jacob and Soufli, Regina and Spiller, Eberhard and Gullikson, Eric and McKenzie, David and Windt, David and Golub, Leon and Podgorski, William and Testa, Paola and Weber, Mark},
  month = jan,
  year = {2012},
  pages = {41-66}
}

@inproceedings{rocklin_dask_2015,
  title = {Dask: {{Parallel Computation}} with {{Blocked}} Algorithms and {{Task Scheduling}}},
  booktitle = {Proceedings of the 14th {{Python}} in {{Science Conference}}},
  doi = {10.25080/Majora-7b98e3ed-013},
  author = {Rocklin, Matthew},
  editor = {Huff, Kathryn and Bergstra, James},
  year = {2015},
  pages = {126-132}
}


